@online{aaa1,
  author       = {Author, A.},
  title        = {Title of the Website},
  year         = {2024},
  url          = {http://www.example.com},
  urldate      = {2024-05-24},
}
